<?xml version="1.0" encoding="UTF-8"?><collection xmlns="http://www.loc.gov/MARC21/slim"><record><leader>00405nam--2200145-i-4500</leader><controlfield tag="001">000032930</controlfield><controlfield tag="002">20161230</controlfield><controlfield tag="005">20161230201039</controlfield><controlfield tag="008">060222s1000------------r-----000-0-eng-d</controlfield><datafield ind1=" " ind2=" " tag="080"><subfield code="a">517.13</subfield></datafield><datafield ind1=" " ind2=" " tag="100"><subfield code="a">Marinescu, Gheorghe</subfield></datafield><datafield ind1=" " ind2=" " tag="245"><subfield code="a">Probleme de analiza numerica rezolvate cu calculatorul</subfield></datafield><datafield ind1=" " ind2=" " tag="260"><subfield code="a">Bucuresti, Editura Academiei Rsr, 1987, 264p</subfield></datafield><datafield ind1=" " ind2=" " tag="852"><subfield code="a">74014</subfield><subfield code="c">517</subfield></datafield><datafield ind1=" " ind2=" " tag="CAT"><subfield code="a">Sys</subfield><subfield code="c">20080708</subfield><subfield code="h">085156</subfield></datafield></record></collection>